<record><leader>00000cas a22000007a 4500</leader><controlfield tag="001">21682269</controlfield><controlfield tag="008">900604d18861921nhudr ne      0    0eng d</controlfield><datafield ind1=" " ind2=" " tag="010"><subfield code="a">sn 90062249 </subfield></datafield><datafield ind1=" " ind2=" " tag="040"><subfield code="a">NVH</subfield><subfield code="b">eng</subfield><subfield code="c">NVH</subfield><subfield code="d">OCLCQ</subfield></datafield><datafield ind1=" " ind2=" " tag="042"><subfield code="a">msc</subfield></datafield><datafield ind1="0" ind2=" " tag="130"><subfield code="a">Hollis times (Hollis, N.H.: 1886)</subfield></datafield><datafield ind1="1" ind2="0" tag="245"><subfield code="a">Hollis times.</subfield></datafield><datafield ind1=" " ind2=" " tag="260"><subfield code="a">Hollis, N.H. :</subfield><subfield code="b">James C. Hildreth</subfield></datafield><datafield ind1=" " ind2=" " tag="300"><subfield code="a">v.</subfield></datafield><datafield ind1=" " ind2=" " tag="310"><subfield code="a">Daily,</subfield><subfield code="b">Apr. 26, 1921-May 4, 1921</subfield></datafield><datafield ind1=" " ind2=" " tag="321"><subfield code="a">Weekly,</subfield><subfield code="b">Oct. 14, 1886-Apr. 25, 1921</subfield></datafield><datafield ind1="0" ind2=" " tag="362"><subfield code="a">Vol. 1, no. 1 (Oct. 14, 1886)-</subfield></datafield><datafield ind1="1" ind2=" " tag="362"><subfield code="a">Ceased May 4, 1921?</subfield></datafield><datafield ind1=" " ind2=" " tag="500"><subfield code="a">Published in Ayer, Mass., July 5, 1918-</subfield></datafield><datafield ind1=" " ind2=" " tag="752"><subfield code="a">United States</subfield><subfield code="b">Massachusetts</subfield><subfield code="c">Middlesex</subfield><subfield code="d">Ayer.</subfield></datafield><datafield ind1=" " ind2=" " tag="752"><subfield code="a">United States</subfield><subfield code="b">New Hampshire</subfield><subfield code="c">Hillsborough</subfield><subfield code="d">Hollis.</subfield></datafield></record>